@techreport{Datasheet:GP2Y0A710K0F,
    author          = {{Sharp Corporation}},
    institution     = {{Sharp Corporation}},
    title           = {{GP2Y0A710K0F Distance Measuring Sensor Unit Measuring distance: 100 to 550 cm Analog output type}},
    type            = {{Datasheet}},
    address         = {{22-22 Nagaike-cho, Abeno-ku, Osaka 545-8522, Japan}},
    year            = {2006}
}

@misc{ wiki:gimp2_farbmodelle,
    author = "Wikibooks",
    title = "GIMP/ Band2/ Farbmodelle --- Wikibooks{,} Die freie Bibliothek",
    year = "2012",
    url = "http://de.wikibooks.org/w/index.php?title=GIMP/_Band2/_Farbmodelle&oldid=644737",
    note = "[Online; abgerufen am 3. Dezember 2014]"
}
